@article{real-time-walkthroughs,
  author          = "{T. Germer and M. Schwarz}",
  title           = "{Procedural Arrangement of Furniture for Real-Time Walkthroughs}",
  journal         = "{Computer Graphics Forum}",
  volume          = 28,
  number          = 8,
  pages           = {2068 -- 2078},
  year            = 2009
}

@article{what-is-pcg,
  author          = "{J. Togelius, E. Kastbjerg, D. Schedl, G. N. Yannakakis}",
  journal         = "{Proceedings of the 2nd International Workshop on Procedural Content Generation in Games}",
  number          = 3,
  title           = "{What is Procedural Content Generation? Mario on the borderline}",
  pages           = {1 -- 6},
  year            = 2011
}

@inbook{pcg_in_gd,
  author          = "T. Short and T. Adams",
  chapter         = "Managing Output: Boredom Versus Chaos",
  title           = "Procedural Generation in Game Design",
  publisher       = "CRC Press",
  year            = 2017,
  pages           = {13 -- 21}
}

@misc{game:gta,
  author         = "{Rockstar North}",
  title          = "{Grand Theft Auto V}",
  howpublished   = {[PC Game] Rockstar Games, Steam},
  year           = "{2013}"
}

@misc{game:division,
  author         = "{Massive Entertainment}",
  title          = "{The Division}",
  howpublished   = {[PC Game] Ubisoft, Steam},
  year           = "{2016}"
}

@misc{game:arkham-knight,
  author         = "{Rocksteady Studios}",
  title          = "{Batman: Arkham Knight}",
  howpublished   = {[PC Game] Warner Bros. Interactive Entertainment, Steam},
  year           = "{2015}"
}

@misc{game:minecraft,
  author       = {Mojang},
  title        = "Minecraft",
  howpublished = {[PC]},
  year         = {2011}
}

@misc{game:spore,
  author       = {Maxis},
  title        = "{Spore}",
  howpublished = {[PC Game] Electronic Arts, Steam},
  year         = {2008}
}

@misc{game:kkreiger,
  author       = {Farbrausch},
  howpublished = {[PC Game] Farbrausch},
  title        = ".kkreiger",
  year         = {2004}
}